% This file was created with JabRef 2.6.
% Encoding: Cp1250

@ARTICLE{poorman,
  author = {Claessen, Koen},
  title = {A poor man's concurrency monad},
  journal = {Journal of Functional Programming},
  year = {1999},
  volume = {9},
  pages = {313-323},
  month = {May},
  issn = {0956-7968},
  issue = {3},
  numpages = {11},
  publisher = {Cambridge University Press},
}

@InProceedings {push-pull-frp,
  author    = {Conal Elliott},
  title     = {Push-pull functional reactive programming},
  booktitle = {Haskell Symposium},
  url       = {http://conal.net/papers/push-pull-frp},
  year      = 2009
}

@inproceedings{strategies-new,
 author = {Marlow, Simon and Maier, Patrick and Loidl, Hans-Wolfgang and Aswad, Mustafa K. and Trinder, Phil},
 title = {Seq no more: better strategies for parallel Haskell},
 booktitle = {Haskell Symposium},
 year = {2010},
} 

@Article{strategies-old,
  author = 	 {Philip W. Trinder and Kevin Hammond and Hans-Wolfgang Loidl and Simon L. {Peyton Jones}},
  title = 	 {Algorithm + {S}trategy = {P}arallelism},
  journal = 	 {Journal of Functional Programming},
  year = 	 {1998},
  volume = 	 {8},
  number = 	 {1},
  month = 	 jan,
  pages = 	 {23--60}
}

@INPROCEEDINGS{ causalarr,
AUTHOR = "Hai Liu and Eric Cheng and Paul Hudak",
TITLE = "Causal commutative arrows and their optimization",
booktitle = "ICFP'09",
PAGES = {35-46},
YEAR = {2009} 
}

@inproceedings{arrows-notation,
	title = "A New Notation for Arrows",
	author = "Ross Paterson",
	booktitle = "International Conference on Functional Programming",
	location = "Firenze, Italy",
	publisher = "ACM Press",
	pages = "229-240",
	month = Sep,
	year = 2001
}

@ARTICLE{generalisingmonads,
    author = {John Hughes},
    title = {Generalising Monads to Arrows},
    journal = {Science of Computer Programming},
    year = {1998},
    volume = {37},
    pages = {67--111}
}


@UNPUBLISHED{cheapthreads,
  author = {William L. Harrison},
  title = {Cheap (But Functional) Threads},
  note = {Submitted for publication.},
  year = {2008},
  keywords = {haskell, resumption monad, concurrency, system-level},
  url = {http://www.cs.missouri.edu/~harrison/drafts/CheapThreads.pdf}
}

@ARTICLE{monadparsing,
  author = {Graham Hutton and Erik Meijer},
  title = {{Monadic Parsing in Haskell}},
  journal = {Journal of Functional Programming},
  year = {1998},
  volume = {8},
  pages = {437--444},
  number = {4},
  month = jul,
  publisher = {Cambridge University Press}
}

@ARTICLE{applicative,
  author = {Conor McBride and Ross Paterson},
  title = {Applicative programming with effects},
  journal = {Journal of Functional Programming},
  year = {2007},
  volume = {18},
  pages = {1-13}
}

@INPROCEEDINGS{resmonad,
  author = {Nikolaos S. Papaspyrou},
  title = {A resumption monad transformer and its applications in the semantics
	of concurrency},
  booktitle = {3rd Panhellenic Logic Symposium},
  year = {2001}
}

@TECHREPORT{parsingtutorial,
  author = {S. Doaitse Swierstra},
  title = {Combinator Parsing: A Short Tutorial},
  institution = {Utrecht University},
  year = {2008},
  url = {http://tinyurl.com/parsing-tutorial}
}

@other { comprefun,
  author = {Nils Schweinsberg},
  title = {Fun with monad comprehensions},
  url = {http://tinyurl.com/comprehension-fun},
  year = {2010}
}

@other { parcomprefun,
  author = {Tomas Petricek},
  title = {Fun with Parallel Monad Comprehensions},
  url = {http://tbd.net},
  year = {2011}
}

@other { parmonad-cancellation,
  author = {Tomas Petricek},
  title = {Explicit speculative parallelism for Haskell's Par monad},
  url = {http://tomasp.net/blog/speculative-par-monad.aspx},
  year = {2011}
}

@other { monadplusreform,
  author = {HaskellWiki},
  title = {MonadPlus reform proposal},
  url = {http://tinyurl.com/monadplus-reform-proposal},
  year = {2011}
}

@MastersThesis{eventsthesis,
author = {Tomas Petricek},
title = {Reactive Programming with Events},
school = {Charles University in Prague},
year = {2010}
}

@other { comonadpkg,
  author = {Edward A. Kmett},
  title = {The comonad package},
  url = {http://hackage.haskell.org/package/comonad},
  year = {2011}
}

@other { monadplusdoc,
  title = {Control.Monoad, Haskell Documentation}
  url = {http://haskell.org/ghc/docs/latest/html/libraries/base/Control-Monad.html#t:MonadPlus}
}

@inproceedings{ comprehendingmonads,
 author = {Wadler, Philip},
 title = {Comprehending monads},
 booktitle = {Proceedings of the 1990 ACM conference on LISP and functional programming},
 series = {LFP '90},
 year = {1990},
 isbn = {0-89791-368-X},
 location = {Nice, France},
 pages = {61--78},
 numpages = {18},
 url = {http://doi.acm.org/10.1145/91556.91592},
 doi = {http://doi.acm.org/10.1145/91556.91592},
 acmid = {91592},
 publisher = {ACM},
 address = {New York, NY, USA},
} 

@INPROCEEDINGS{ groupordercompre,
AUTHOR = "Simon Peyton Jones and Philip Wadler",
TITLE = "Comprehensive comprehensions",
booktitle = "Haskell'07",
PAGES = {61-72},
YEAR = {2007}  }

@INPROCEEDINGS{ joinads,
  AUTHOR = {Tomas Petricek and Don Syme},
  TITLE = {Joinads: A Retargetable Control-Flow Construct for Reactive, Parallel and Concurrent Programming},
  booktitle = {PADL'11},
  PAGES = {205-219},
  YEAR = {2011}
}

@TECHREPORT{parsec,
author      = {Daan Leijen and Erik Meijer},
title       = {Parsec: Direct Style Monadic Parser Combinators for the Real World},
institution = {Department of Computer Science, Universiteit Utrecht},
number      = {UU-CS-2001-27},
year        = 2001
}


@other{bringbackmc,
	  title = {Bring back monad comprehensions},
  url = {http://tinyurl.com/ghc4370}
}

@INPROCEEDINGS{deterparser,
  author = {Swierstra, S. Doaitse and Duponcheel, Luc},
  title = {Deterministic, Error-Correcting Combinator Parsers},
  booktitle = {Advanced Functional Programming, Second International School-Tutorial
	Text},
  year = {1996},
  pages = {184--207},
  isbn = {3-540-61628-4},
}

@other{cflintersect,
  author = {Wikipedia},
  title = {Pumping lemma for context-free languages},
  url = {http://tinyurl.com/context-free-lang},
  year = {2011}
}

@other{monoidalfunctor,
  author = {Wikipedia},
  title = {Monoidal functor},
  url = {http://en.wikipedia.org/wiki/Monoidal_functor},
  year = {2011}
}

@other{parallelpkg,
  url = {http://hackage.haskell.org/package/parallel}
}

@other{parmonad,
  author = {Simon Marlow, Ryan Newton, Simon Peyton Jones},
  title = {A monad for deterministic parallelism},
  url = {http://tinyurl.com/monad-par},
  year = {2011}
}

@InProceedings{chp-monad,
  title =        "{C}ommunicating {H}askell {P}rocesses: {C}omposable {E}xplicit {C}oncurrency using {M}onads",
  author=        "Brown,  Neil C. C.",
  pages =        "67--83",
  booktitle=     "{C}ommunicating {P}rocess {A}rchitectures 2008",
  year=          "2008",
}

@inproceedings{imperative-streams,
 author = {Scholz, Enno},
 title = {Imperative streams-a monadic combinator library for synchronous programming},
 series = {ICFP},
 year = {1998},
} 

@InProceedings{firstlcasspats,
  author =	 "Mark Tullsen",
  year =	 "2000",
  title =	 "First Class Patterns",
  booktitle =	 "PADL 2000",
}

@inproceedings{activepatterns,
 author = {Don Syme and Neverov, Gregory and Margetson, James},
 title = {Extensible pattern matching via a lightweight language extension},
 series = {ICFP},
 year = {2007},
} 

@inproceedings{views-haskell,
 author = {Wadler, P.},
 title = {Views: a way for pattern matching to cohabit with data abstraction},
 series = {POPL},
 year = {1987},
}

@INPROCEEDINGS{views-sml,
    author = {Chris Okasaki},
    title = {Views for Standard ML},
    booktitle = {ML Workshop},
    year = {1998},
}

@INPROCEEDINGS{scala-patternmatching,
    author = {Burak Emir and Martin Odersky and John Williams},
    title = {Matching Objects with Patterns},
    booktitle = {ECOOP 2007},
    year = {2007},
}

@InProceedings{scala-encodingjoins,
   affiliation = {EPFL},
   author      = {Haller, Philipp and Van Cutsem, Tom},
   booktitle   = {Proceedings of the 10th {I}nternational {C}onference on
                 {C}oordination {M}odels and {L}anguages},
   title       = {Implementing {J}oins using {E}xtensible {P}attern {M}atching},
   year        = 2008
}

@book{concurrentml,
  author    = {John H. Reppy},
  title     = {Concurrent programming in ML},
  publisher = {Cambridge University Press},
  year      = {2007},
  isbn      = {978-0-521-71472-3},
  pages     = {I-XIV, 1-308},
}

@inproceedings{comonads-dataflow,
  author    = {Tarmo Uustalu and
               Varmo Vene},
  title     = {The Essence of Dataflow Programming},
  booktitle = {APLAS},
  year      = {2005},
  pages     = {2-18}
}

@Unpublished{comonads-codata,
author = {Richard B. Kieburtz },
title = {Codata and Comonads in Haskell},
OPTyear = {1999},
}

@inproceedings{comomads-ypnos,
 author = {Orchard, Dominic A. and Bolingbroke, Max and Mycroft, Alan},
 title = {Ypnos: declarative, parallel structured grid programming},
 series = {DAMP '10},
 year = {2010},
} 

@incollection {arrows-frp,
   author = {Hudak, Paul and Courtney, Antony and Nilsson, Henrik and Peterson, John},
   title = {Arrows, Robots, and Functional Reactive Programming},
   booktitle = {Advanced Functional Programming},
   series = {LNCS},
   pages = {1949-1949},
   volume = {2638},
   year = {2003}
}

@article{manticore,
author = {Fluet,Matthew and Rainey,Mike and Reppy,John and Shaw,Adam},
title = {Implicitly threaded parallelism in Manticore},
journal = {Journal of Functional Programming},
volume = {20},
number = {Special Issue 5-6},
pages = {537-576},
year = {2010},
}
