% This file was created with JabRef 2.6.
% Encoding: Cp1250

@ARTICLE{poorman,
  author = {Claessen, Koen},
  title = {A poor man's concurrency monad},
  journal = {Journal of Functional Programming},
  year = {1999},
  volume = {9},
  pages = {313-323},
  month = {May},
  issn = {0956-7968},
  issue = {3},
  numpages = {11},
  publisher = {Cambridge University Press},
}

@inproceedings{strategies-new,
 author = {Marlow, Simon and Maier, Patrick and Loidl, Hans-Wolfgang and Aswad, Mustafa K. and Trinder, Phil},
 title = {Seq no more: better strategies for parallel Haskell},
 booktitle = {Haskell'10},
 year = {2010},
 isbn = {978-1-4503-0252-4},
 pages = {91-102},
 numpages = {12},
 publisher = {ACM},
 keywords = {parallel functional programming, strategies},
} 

@INPROCEEDINGS{ causalarr,
AUTHOR = "Hai Liu and Eric Cheng and Paul Hudak",
TITLE = "Causal commutative arrows and their optimization",
booktitle = "ICFP'09",
PAGES = {35-46},
YEAR = {2009} 
}

@UNPUBLISHED{cheapthreads,
  author = {William L. Harrison},
  title = {Cheap (But Functional) Threads},
  note = {Submitted for publication.},
  year = {2008},
  keywords = {haskell, resumption monad, concurrency, system-level},
  url = {http://www.cs.missouri.edu/~harrison/drafts/CheapThreads.pdf}
}

@ARTICLE{monadparsing,
  author = {Graham Hutton and Erik Meijer},
  title = {{Monadic Parsing in Haskell}},
  journal = {Journal of Functional Programming},
  year = {1998},
  volume = {8},
  pages = {437--444},
  number = {4},
  month = jul,
  publisher = {Cambridge University Press}
}

@ARTICLE{applicative,
  author = {Conor Mcbride and Ross Paterson},
  title = {Applicative programming with effects},
  journal = {Journal of Functional Programming},
  year = {2007},
  volume = {18},
  pages = {1-13}
}

@INPROCEEDINGS{resmonad,
  author = {Nikolaos S. Papaspyrou},
  title = {A resumption monad transformer and its applications in the semantics
	of concurrency},
  booktitle = {3rd Panhellenic Logic Symposium},
  year = {2001}
}

@TECHREPORT{parsingtutorial,
  author = {S. Doaitse Swierstra},
  title = {Combinator Parsing: A Short Tutorial},
  institution = {Utrecht University},
  year = {2008},
  url = {http://tinyurl.com/parsing-tutorial}
}

@other { comprefun,
  author = {Nils Schweinsberg},
  title = {Fun with monad comprehensions},
  url = {http://blog.n-sch.de/2010/11/27/fun-with-monad-comprehensions/},
  year = {2010}
}

@INPROCEEDINGS{ groupordercompre,
AUTHOR = "Simon L. Peyton Jones and Philip Wadler",
TITLE = "Comprehensive comprehensions",
booktitle = "Haskell'07",
PAGES = {61-72},
YEAR = {2007}  }

@INPROCEEDINGS{ joinads,
  AUTHOR = {Tomas Petricek and Don Syme},
  TITLE = {Joinads: A Retargetable Control-Flow Construct for Reactive, Parallel and Concurrent Programming},
  booktitle = {PADL'11},
  PAGES = {205-219},
  YEAR = {2011}
}

@other{bringbackmc,
  title = {Bring back monad comprehensions},
  url = {http://tinyurl.com/ghc4370}
}

@INPROCEEDINGS{deterparser,
  author = {Swierstra, S. Doaitse and Duponcheel, Luc},
  title = {Deterministic, Error-Correcting Combinator Parsers},
  booktitle = {Advanced Functional Programming, Second International School-Tutorial
	Text},
  year = {1996},
  pages = {184--207},
  isbn = {3-540-61628-4},
}

@other{cflintersect,
  author = {Wikipedia},
  title = {Pumping lemma for context-free languages},
  url = {http://en.wikipedia.org/wiki/Pumping_lemma_for_context-free_languages},
  year = {2011}
}

@other{monoidalfunctor,
  author = {Wikipedia},
  title = {Monoidal functor},
  url = {http://en.wikipedia.org/wiki/Monoidal_functor},
  year = {2011}
}

@other{parallelpkg,
  url = {http://hackage.haskell.org/package/parallel}
}